@article{Lewis2021,
  title = {Autocorrect errors in Excel still creating genomics headache},
  ISSN = {1476-4687},
  url = {http://dx.doi.org/10.1038/d41586-021-02211-4},
  DOI = {10.1038/d41586-021-02211-4},
  journal = {Nature},
  publisher = {Springer Science and Business Media LLC},
  author = {Lewis,  Dyani},
  year = {2021},
  month = aug ,
  keywords = "data-analysis"
}


@misc{standard-excel,
    journal = {Der Standard},
    title={Babler ist nach Auszählungspanne statt Doskozil neuer SPÖ-Chef},
    note = {\url{https://www.derstandard.at/story/3000000173335/babler-ist-nun-doch-chef-der-spoe}},
    year = {2023},
    keywords="data-analysis"
}
